<collection xmlns="http://www.loc.gov/MARC21/slim">
<record>
  <leader>00893nam0a22002051i 450 </leader>
  <controlfield tag="001">IT\ICCU\CNCE\029867</controlfield>
  <controlfield tag="005">20071001000000.0</controlfield>
  <datafield tag="100" ind1=" " ind2=" ">
    <subfield code="a">19971124d1585        0itac0103    ba</subfield>
  </datafield>
  <datafield tag="101" ind1=" " ind2=" ">
    <subfield code="a">SCR</subfield>
  </datafield>
  <datafield tag="102" ind1=" " ind2=" ">
    <subfield code="a">IT</subfield>
  </datafield>
  <datafield tag="200" ind1="1" ind2=" ">
    <subfield code="a">Nauch catolizzanschi od sfete vire y od xiuota carschianscoga; Za dizzu y ostale haranazcoga yezica po don Marcu Andriolicha troghiranu Mestru od sfetoga pisma y tumazzu pri criqui Trogirscoy ...</subfield>
  </datafield>
  <datafield tag="210" ind1=" " ind2=" ">
    <subfield code="a">Venetia</subfield>
    <subfield code="c">ad instantia de Ambroso Mazoleto detto Garbin</subfield>
    <subfield code="d">1585</subfield>
  </datafield>
  <datafield tag="215" ind1=" " ind2=" ">
    <subfield code="a">20 c.</subfield>
    <subfield code="d">8ʻ</subfield>
  </datafield>
  <datafield tag="620" ind1=" " ind2=" ">
    <subfield code="a">IT</subfield>
    <subfield code="d">Venezia</subfield>
  </datafield>
  <datafield tag="702" ind1=" " ind2="1">
    <subfield code="a">Andriolic,</subfield>
    <subfield code="b">Marco</subfield>
    <subfield code="3">IT\ICCU\CNCA\010233</subfield>
  </datafield>
  <datafield tag="712" ind1="0" ind2="0">
    <subfield code="a">Mazoletto, Ambrogio</subfield>
    <subfield code="3">IT\ICCU\CNCT\002605</subfield>
    <subfield code="4">650</subfield>
  </datafield>
  <datafield tag="791" ind1="0" ind2="0">
    <subfield code="a">Mazolleto, Ambrosio</subfield>
    <subfield code="3">IT\ICCU\CNCT\005130</subfield>
    <subfield code="z">Mazoletto, Ambrogio</subfield>
  </datafield>
  <datafield tag="791" ind1="0" ind2="0">
    <subfield code="a">Mazoleto, Ambroso</subfield>
    <subfield code="3">IT\ICCU\CNCT\005131</subfield>
    <subfield code="z">Mazoletto, Ambrogio</subfield>
  </datafield>
  <datafield tag="791" ind1="0" ind2="2">
    <subfield code="a">Garbin</subfield>
    <subfield code="3">IT\ICCU\CNCT\005132</subfield>
    <subfield code="z">Mazoletto, Ambrogio</subfield>
  </datafield>
  <datafield tag="801" ind1=" " ind2="3">
    <subfield code="a">IT</subfield>
    <subfield code="b">ICCU</subfield>
    <subfield code="c">20201114</subfield>
  </datafield>
</record>
</collection>
